%%%%%%%%%%%INTRO

@inproceedings{fusion1,
  author    = {Hector Gonzalez and Alon Halevy and Christian S. Jensen and Anno Langen and Jayant Madhavan and Rebecca Shapley and Warren Shen},
  title     = {Google Fusion Tables: Data Management, Integration and Collaboration in the Cloud},
  booktitle = {SoCC10 Proceedings of the 1st ACM symposium on Cloud computing},
  series    = {},
  volume    = {},
  publisher = {ACM},
  year      = {2010},
  pages     = {175-180},
}


@inproceedings{fusion2,
  author    = {Hector Gonzalez and Alon Y. Halevy  and Christian S. Jensen and Anno Langen and Jayant Madhavan, Rebecca Shapley, Warren Shen, Jonathan Goldberg-Kidon},
  title     = {Google Fusion Tables: Web-Centered Data Management and Collaboration},
  booktitle = {SIGMOD10 Proceedings of the 2010 ACM SIGMOD International Conference on Management of data},
  series    = {},
  volume    = {},
  publisher = {ACM},
  year      = {2010},
  pages     = {1061-1066},
}

@MISC{redessociales1,
  author    = {Inés Gómez Plaza},
  title     = {Estadísticas usuarios redes sociales en España año 2013},
  booktitle = {},
  series    = {},
  volume    = {},
  publisher = {},
  year      = {2013},
  pages     = {},
  url = {http://www.concepto05.com/2013/07/estadisticas- usuarios-redes-sociales-en-espana-2013/  },
}

@MISC{redessociales2,
  author    = {H. Azevedo and P. Sánchez Martinez},
  title     = {2013 Spain Digital Future in Focus},
  booktitle = {},
  series    = {},
  volume    = {},
  publisher = {comScore},
  year      = {2013},
  pages     = {},
  url       = {http://www.comscore.com/esl/Insights/Presentations-and-Whitepapers/2013/2013-Spain-Digital-Future-in-Focus},
}

@MISC{twitterapi,
  author    = {Davud Grudl},
  title     = {Twitter for PHP},
  booktitle = {},
  series    = {},
  volume    = {},
  publisher = {comScore},
  year      = {2008},
  pages     = {},
  url       = {http://dev.twitter.com/doc},
}

@MISC{github,
  author    = {A. Fernández Ares and P. Castillo Valdivieso and J. Asensio Montiel},
  title     = {Repositorio de código del proyecto SIPEsCA},
  booktitle = {},
  series    = {},
  volume    = {},
  publisher = {comScore},
  year      = {2013},
  pages     = {},
  url       = {https://github.com/Sipesca/},
}


%Referencias a la predicción:

@inproceedings{monitoring,
    title = {FHWA Traffic Monitoring Guide TMG - Traffic Monitoring Guide},
    year = {April 2008}
    }

@inproceedings{blobject,
  title ={ Blobject (2013). CityAnalytics. Statistical Study. Retrieved Nov 20, 2013, from  \url{http://bit.ly/TtnmLn} }}

@inproceedings{IEEEBT,
  title = {IEEE BT (2013). The IEEE public BT OUI listing. Retrieved Dec 30, 2013, from \url{http://standards.ieee.org/develop/regauth/oui/oui.txt}},}

@inproceedings{WikiOUI,
  title  = {Wikipedia OUI (2013). Organizationally unique identifier. Retrieved Dec 30, 2013, from \url{http://en.wikipedia.org/wiki/Organizationally_unique_identifir}},}

@inproceedings{Martin2003,
  author = {Martin P.T.  and Feng, Y. and Wang, X.},
  year = {2003},
  title = { Detector Technology Evaluation. Technical Report, Utah Transportation Centre.},}

@inproceedings{BoxJenk,
  author = {G.E. Box and G.M. Jenkins.},
  title = {Time series analysis: forecasting and control.},
  publisher = {Ed: San Francisco: Holden Day},
  year = {1976},}

@inproceedings{LCoRNeuro,
  author = {E. Parras-Gutierrez and V.M. Rivas and M. Garcia-Arenas and M.J. del Jesus},
  title = {Short, medium and long term forecasting of time series using the L-Co-R algorithm},
  publisher = {Neurocomputing, Volume 128, 27 March 2014},}

@inproceedings{TongI,
  author = {H. Tong},
  title = {On a threshold model, Pattern recognition and signal processing},
  publisher = {NATO ASI Series E: Applied Sc. 29 (1978) 575-586 },}


@inproceedings{TongII,
  author = {H. Tong},
  title = {Threshold models in non-linear time series analysis},
  publisher = {Springer-Verlag},
  year = {1983},}

@inproceedings{Chang,
  author = {K. Chan and H. Tong},
  title = {On estimating thresholds in autoregressive models},
  publisher = {Journal of Time Series Analysis 7 (3) (1986) 179-190},}

@inproceedings{Blockwell,
  author = {P. Brockwell and R. Hyndman},
  title = {On continuous-time threshold autoregression},
  publisher = {International Journal of Forecasting 8 (2) (1992) 157-173.},}

@inproceedings{Clements,
  author = {M. Clements and P. Franses and N. Swanson},
  title = {Forecasting economic and financial time-series with non-linear models},
  publisher = {International Journal of Forecasting 20 (2) (2004) 169-183.},}

@inproceedings{LCoRSoft,
  author = {E. Parras-Gutierrez and M. Garcia-Arenas and V. Rivas and M. del Jesus},
  title = {Coevolution of lags and rbfns for time series forecasting: L-co-r algorithm},
  publisher = {Soft Computing 16 (6) (2012) 919-942.},}

@inproceedings{Zhang,
  author = {G. Zhang and M. Qi},
  title = {Neural network forecasting for seasonal and trend time series},
  publisher = {European Journal of Operational Research 160 (2) (2005) 501-514.},}

@inproceedings{desplazamientos, 
  author = {Ministerio del Interior and Dirección General de Tráfico},
  title = {Preparado el dispositivo especial de Tráfico para Navidad Available \url{http://www.dgt.es/Galerias/prensa/2013/20131219-preparado-dispositivo-trafico-navidad.pdf}},}

@inproceedings{weka, 
  author = {Ian Witten and Eibe Frank},
  title = {Data Mining: Practical Machine Learning Tools and Techniques},
  publisher = {Morgan Kaufmann, 3 edition, 2011.},}

@inproceedings{perceptron, 
  author = {I.A Basheer and M Hajmeer},
  title = {Artificial neural networks: fundamentals, computing, design, and application},
  publisher = {Journal of Microbiological Methods, Volume 43, Issue 1, 1 December 2000, Pages 3-31 },}

@inproceedings{regresion,
  author = {Mehmet Ko and Atalay Barkana},
  title = {Application of Linear Regression Classification to low-dimensional datasets, Neurocomputing, Volume 131, 5 May 2014, Pages 331-335,},}

@inproceedings{SVM,
  author = {J. A. K. Suykens and J. Vandewalle},
  year = {1999},
  title = {Least Squares Support Vector Machine Classifiers. Neural Process. Lett. 9, 3 (June 1999), 293-300},} 


@inproceedings{CastilloJCE2012,
author = {P.A. Castillo and P. García-Sánchez and A.M. Mora and M.G. Arenas and G. Romero and J.J. Merelo and P. García-Fernández and A. Romeo, M. Aragón.},
title = {Sistema de información autónomo y de bajo coste para conocer el estado de las carreteras en tiempo real. },
publisher = {Actas de las III Jornadas de Computación Empotrada. pp.39-44. ISBN: 978-84-695-4424-2. Editores: J. Barba et al. Elche (Alicante). Septiembre de 2012},}

@inproceedings{Bowerman2004,
author = {B. Bowerman and R. O'Connell and A. Koehler},
title = {Forecasting: methods and applications.},
publisher = { Thomson Brooks/Cole: Belmont, CA. 2004},}

@inproceedings{Box1976,
author = {G.Box and G.Jenkins},
title = {Time series analysis: forecasting and control},
publisher = {San Francisco: HoldenDay, 1976.},}


@inproceedings{DeGooijer2006,
author = {J.DeGooijer and R.Hyndman},
title = {25 years of time series forecasting}, 
publisher = {International Journal of Forecasting 22 (3), 443-473. 2006},}

@inproceedings{Hyndman2008,
author = {R.Hyndman and A.Koehler},
title = {Another look at measures of forecast accuracy},
publisher = {International Journal of Forecasting 22 (4) 679-688. 2006},}

@inproceedings{Parras2012,
author = {E.Parras-Gutierrez and M.Garcia-Arenas and V.M.Rivas and and M.J. del Jesus},
title = {Coevolution of lags and RBFNs for time series forecasting: L-Co-R algorithm},
publisher = {Soft Computing, 16 (6), 919-942. 2012},}

@inproceedings{Rivas2004,
author = {V. Rivas and J. Merelo and P. Castillo and M. Arenas and J. Castellano},
title = {Evolving {RBF} neural networks for time-series forecasting with {EVRBF}},
publisher = {Information Sciences 165 (3-4), 207-220. 2004},}

@inproceedings{Merelo1998,
author = {Juan J. Merelo and A. Prieto and F. Morán and R. Marabini and J. M. Carazo.},
title = {Automatic Classification of Biological Particles from Electron-Microscopy Images Using Conventional and Genetic-algorithm Optimized Learning Vector Quantization.},
publisher = {Neural Processing Letters, 8 (1), 55-65. 1998},}

@inproceedings{Castillo2000a, 
author = {P. A. Castillo and Juan-Julián Merelo and A. Prieto and V. Rivas,G. Romero.},
title = {G-Prop: Global Optimization of Multilayer Perceptrons using Gas},
publisher = {Neurocomputing 35 (1-4). pp. 149-163. 2000},}

@inproceedings{Castillo2000b,
author = {P.A. Castillo and J. Carpio and Juan-Julián Merelo and V. Rivas and G. Romero and A. Prieto.},
title = {Evolving Multilayer Perceptrons. Neural Processing Letters}
publisher = {12(2), 115-127. 2000},}

@inproceedings{Quinlan1992,
author = {J. Ross Quinlan},
title = {C4.5: Programs for Machine Learning.},
publisher = {Morgan Kaufmann Series in Machine Learning. 1992},}

@inproceedings{Quinlan1996,
author = {J. Ross Quinlan},
title = {Improved Use of Continuous Attributes in C4.5. J.},
publisher = {Artif. Intell. Res. (JAIR) 4: 77-90. 1996},}

@inproceedings{Holt1957,
author = {C. C. Holt},
year = {1957},
title = {Forecasting trends and seasonals by exponentially weighted moving averages},
publisher = {ONR Research Memorandum, Carnegie Institute of Technology 52},}

@inproceedings{Winters1960, 
author = {P. R. Winters},
year = {1960},
title = {Forecasting sales by exponentially weighted moving averages},
publisher = {Management Science 6, 324-342},}

@misc{Intelify2013,
author = {Intelify (2013)},
title = {Intelify. Do it social.},
publisher = {CityAnalytics. Retrieved Nov 20, 2013, from http://www.intelify.net },}

@misc{CityAnalytics2013,
title = {CityAnalytics (2013)},
publisher = {Retrieved Nov 20, 2013, from http://www.cityanalytics.net/?act=faq},}

@inproceedings{Ciudad20202013,
title = {Ciudad2020 Blobject SL},
publisher = {Retrieved Nov 20, 2013, from \url{http://www.cityanalytics.net/?act=nosotros}},}

@inproceedings{[WikipediaRBP2013,
title = {Wikipedia {RBP} (2013). Raspberry Pi},
publisher = {Retrieved Dec 30, 2013, from http://en.wikipedia.org/wiki/Raspberry_Pi},}

@inproceedings{Blobject2013,
author = {Blobject},
year =  {2013},
title = {CityAnalytics. Statistical Study. Retrieved Nov 20, 2013, from  http://bit.ly/TtnmLn},}

@misc{evaluatingforecast,
author = {Rob J Hyndman and George Athana­sopou­los},
publisher = {Open Access Textbooks},
year =  {2013},
title = {Evaluating forecast accuracy},
url = {https://www.otexts.org/fpp/2/5},}

@misc{raid,
author = {David A. Patterson and Garth Gibson and Randy H. Katz},
publisher = {O Proceeding
SIGMOD '88 Proceedings of the 1988 ACM SIGMOD international conference on Management of data
Pages 109-116 },
year =  {1998},
title = {A case for redundant arrays of inexpensive disks (RAID)},}


@book{lamp,
author = {Lee and Brent Ware},
publisher = {Addison-Wesley Longman Publishing Co., Inc. Boston, MA, USA ©2002 },
year =  {2002},
title = {Open Source Development with {LAMP}: Using Linux, {Apache}, {MySQL} and {PHP}},}

@book{mysql,
author = {Baron Schwartz and Peter Zaitsev and Vadim Tkachenko},
publisher = {O'Reilly},
year =  {},
title = {High Performance {MySQL}: Optimization, Backups, and Replication},}

@book{noatime,
author = {},
publisher = {},
year =  {},
title = {mount(8) Linux Man Page},
url = {http://linux.die.net/man/8/mount},}

@article{apache2011apache,
  title={Apache Software Foundation},
  author={Apache, UIMA},
  journal={URL http://java. apache. org},
  year={2011}
}

@inproceedings{snyder1990tmpfs,
  title={tmpfs: A virtual memory file system},
  author={Snyder, Peter},
  booktitle={Proceedings of the Autumn 1990 EUUG Conference},
  pages={241--248},
  year={1990}
}

@misc{oauth2-1,
  title={Documentación OAuth2},
  author={},
  booktitle={},
  pages={},
  year={},
  url={https://developers.google.com/accounts/docs/OAuth2},
}

@misc{oauth2-2,
  title={Documentación mecanismos autorización Google Fusion Tables},
  author={},
  booktitle={},
  pages={},
  year={},
  url={https://developers.google.com/fusiontables/docs/v1/using\#auth},
}